<record><leader>00000cas a22000007a 4500</leader><controlfield tag="001">14148193</controlfield><controlfield tag="008">860826d19091918txudr ne      0   a0eng d</controlfield><datafield ind1=" " ind2=" " tag="010"><subfield code="a">sn 86088651 </subfield></datafield><datafield ind1=" " ind2=" " tag="040"><subfield code="a">PPM</subfield><subfield code="b">eng</subfield><subfield code="c">PPM</subfield><subfield code="d">OCLCQ</subfield><subfield code="d">DLC</subfield><subfield code="d">OCLCF</subfield></datafield><datafield ind1="0" ind2=" " tag="022"><subfield code="a">2333-6250</subfield><subfield code="2">1</subfield></datafield><datafield ind1=" " ind2=" " tag="042"><subfield code="a">msc</subfield><subfield code="a">nsdp</subfield></datafield><datafield ind1=" " ind2=" " tag="043"><subfield code="a">n-us-tx</subfield></datafield><datafield ind1="0" ind2="0" tag="050"><subfield code="a">Newspaper</subfield></datafield><datafield ind1="0" ind2="0" tag="082"><subfield code="a">071</subfield><subfield code="2">23</subfield></datafield><datafield ind1=" " ind2="0" tag="222"><subfield code="a">Bryan daily eagle and pilot</subfield><subfield code="b">(Print)</subfield></datafield><datafield ind1="0" ind2="0" tag="245"><subfield code="a">Bryan daily eagle and pilot.</subfield></datafield><datafield ind1="1" ind2="3" tag="246"><subfield code="a">Bryan daily eagle</subfield></datafield><datafield ind1=" " ind2=" " tag="260"><subfield code="a">Bryan, Tex. :</subfield><subfield code="b">Eagle Print. Co.</subfield></datafield><datafield ind1=" " ind2=" " tag="300"><subfield code="a">v. :</subfield><subfield code="b">ill. ;</subfield><subfield code="c">56 cm.</subfield></datafield><datafield ind1=" " ind2=" " tag="310"><subfield code="a">Daily</subfield></datafield><datafield ind1="0" ind2=" " tag="362"><subfield code="a">Vol. 14, no. 97 (Mar. 31, 1909)-v. 32, no. 113 (Sept. 18, 1918).</subfield></datafield><datafield ind1=" " ind2=" " tag="530"><subfield code="a">Archived issues are available in digital format as part of the Library of Congress Chronicling America online collection.</subfield></datafield><datafield ind1=" " ind2="0" tag="651"><subfield code="a">Bryan (Tex.)</subfield><subfield code="v">Newspapers.</subfield></datafield><datafield ind1=" " ind2="7" tag="655"><subfield code="a">Newspapers.</subfield><subfield code="2">fast</subfield><subfield code="0">(OCoLC)fst01423814</subfield></datafield><datafield ind1=" " ind2="7" tag="651"><subfield code="a">Texas</subfield><subfield code="z">Bryan.</subfield><subfield code="2">fast</subfield><subfield code="0">(OCoLC)fst01221153</subfield></datafield><datafield ind1=" " ind2=" " tag="752"><subfield code="a">United States</subfield><subfield code="b">Texas</subfield><subfield code="c">Brazos</subfield><subfield code="d">Bryan.</subfield></datafield><datafield ind1="0" ind2=" " tag="775"><subfield code="t">Bryan eagle</subfield><subfield code="w">(DLC)sn 86088572</subfield></datafield><datafield ind1="0" ind2=" " tag="775"><subfield code="t">Bryan eagle and pilot</subfield><subfield code="w">(DLC)sn 86088570</subfield></datafield><datafield ind1="0" ind2=" " tag="775"><subfield code="t">Bryan weekly eagle and pilot</subfield><subfield code="w">(DLC)sn 86088571</subfield></datafield><datafield ind1="0" ind2="8" tag="776"><subfield code="i">Online version:</subfield><subfield code="t">Bryan daily eagle and pilot (Online)</subfield><subfield code="x">2333-6269</subfield><subfield code="w">(DLC)  2013271943</subfield></datafield><datafield ind1="0" ind2="0" tag="780"><subfield code="t">Bryan morning eagle and pilot</subfield><subfield code="w">(DLC)sn 95078907</subfield></datafield><datafield ind1="0" ind2="0" tag="785"><subfield code="t">Bryan daily eagle (Bryan, Tex. : 1918)</subfield><subfield code="w">(DLC)sn 86088792</subfield></datafield><datafield ind1="4" ind2="1" tag="856"><subfield code="u">http://www.loc.gov/chroniclingamerica/lccn/sn86088651/issues</subfield></datafield></record>